% Encoding: UTF-8
@comment{x-kbibtex-personnameformatting=<%l><, %f>}

@article{pastore2019measuring,
  title={Measuring distribution similarities between samples: a distribution-free overlapping index},
  author={Pastore, Massimiliano and Calcagn{\`\i}, Antonio},
  journal={Frontiers in psychology},
  volume={10},
  pages={1089},
  year={2019},
  publisher={Frontiers Media SA}
}

@inproceedings{goldberg2010measuring,
  title={Measuring similarity between sets of overlapping clusters},
  author={Goldberg, Mark K and Hayvanovych, Mykola and Magdon-Ismail, Malik},
  booktitle={2010 IEEE Second International Conference on Social Computing},
  pages={303--308},
  year={2010},
  organization={IEEE}
}

@article{gini1943nuovi,
  title={Nuovi contributi alla teoria della transvariazione},
  author={Gini, Corrado and Livada, Gregorio},
  journal={Roma: Atti della VI Riunione della Societ{\`a} Italiana di Statistica},
  year={1943}
}

@article{gini1953measurement,
  title={The measurement of the differences between two quantity groups and in particular between the characteristics of two populations},
  author={Gini, Corrado},
  journal={Acta Genetica et Statistica Medica},
  pages={175--191},
  year={1953},
  publisher={JSTOR}
}

@book{weitzman1970measures,
  title={Measures of overlap of income distributions of white and Negro families in the United States},
  author={Weitzman, Murray S},
  volume={22},
  year={1970},
  publisher={US Bureau of the Census}
}

@article{moravec1988sensor,
  title={Sensor fusion in certainty grids for mobile robots},
  author={Moravec, Hans P},
  journal={AI magazine},
  volume={9},
  number={2},
  pages={61--61},
  year={1988}
}

@article{pastore2018overlapping,
  title={{Overlapping: a R package for estimating overlapping in empirical distributions}},
  author={Pastore, Massimiliano},
  journal={Journal of Open Source Software},
  volume={3},
  number={32},
  pages={1023},
  year={2018}
}

@article{viola1997alignment,
  title={Alignment by maximization of mutual information},
  author={Viola, Paul and Wells III, William M},
  journal={International journal of computer vision},
  volume={24},
  number={2},
  pages={137--154},
  year={1997},
  publisher={Springer}
}

@book{cohen2013statistical,
  title={Statistical power analysis for the behavioral sciences},
  author={Cohen, Jacob},
  year={2013},
  publisher={Academic press}
}

@article{mcgraw1992common,
  title={A common language effect size statistic.},
  author={McGraw, Kenneth O and Wong, Seok P},
  journal={Psychological bulletin},
  volume={111},
  number={2},
  pages={361},
  year={1992},
  publisher={American Psychological Association}
}

@article{huberty2000group,
  title={Group overlap as a basis for effect size},
  author={Huberty, Carl J and Lowman, Laureen L},
  journal={Educational and Psychological Measurement},
  volume={60},
  number={4},
  pages={543--563},
  year={2000},
  publisher={Sage Publications Sage CA: Thousand Oaks, CA}
}

@article{inman1989overlapping,
  title={The overlapping coefficient as a measure of agreement between probability distributions and point estimation of the overlap of two normal densities},
  author={Inman, Henry F and Bradley Jr, Edwin L},
  journal={Communications in Statistics-theory and Methods},
  volume={18},
  number={10},
  pages={3851--3874},
  year={1989},
  publisher={Taylor \& Francis}
}

@article{core2019r,
  title={R: A language and environment for statistical computing},
  author={Core, R Team},
  journal={(No Title)},
  year={2019}
}

@article{pesarin2012review,
  title={A review and some new results on permutation testing for multivariate problems},
  author={Pesarin, Fortunato and Salmaso, Luigi},
  journal={Statistics and Computing},
  volume={22},
  pages={639--646},
  year={2012},
  publisher={Springer}
}

@article{milanovic2002decomposing,
  title={Decomposing world income distribution: Does the world have a middle class?},
  author={Milanovic, Branko and Yitzhaki, Shlomo},
  journal={Review of income and wealth},
  volume={48},
  number={2},
  pages={155--178},
  year={2002},
  publisher={Wiley Online Library}
}

@article{pastore2015analisi,
  title={Analisi dei dati in psicologia},
  author={Pastore, Massimiliano},
  journal={Il mulino},
  year={2015}
}

@Book{ggplot2,
  title     = {{ggplot2: Elegant Graphics for Data Analysis}},
  publisher = {Springer-Verlag New York},
  year      = {2009},
  author    = {Wickham, Hadley},
  isbn      = {978-0-387-98140-6},
  doi       = {10.1007/978-0-387-98141-3_6},
  url       = {http://ggplot2.org},
}

@Book{cohen:1988,
  title     = {{Statistical power analysis for the behavioral sciences (2nd ed.)}},
  publisher = {Lawrence Erlbaum Associates, Hillsdale, NJ},
  year      = {1988},
  author    = {Cohen, Jacob},
}

@article{nakagawa+kuthil:2007,
	author = "Nakagawa, Shinichi and Cuthill, Innes C",
	journal = "Biological reviews",
	number = "4",
	pages = "591--605",
	publisher = "Wiley Online Library",
	title = "{Effect size, confidence interval and statistical significance: a practical guide for biologists}",
	volume = "82",
	year = "2007"
}

@article{kelley+preacher:2011,
	author = "Preacher, Kristopher J and Kelley, Ken",
	journal = "Psychological methods",
	number = "2",
	pages = "93",
	publisher = "American Psychological Association",
	title = "{Effect size measures for mediation models: quantitative strategies for communicating indirect effects.}",
	volume = "16",
	year = "2011"
}

@InProceedings{goldberg+etal:2010,
  author       = {Goldberg, Mark K and Hayvanovych, Mykola and Magdon-Ismail, Malik},
  title        = {{Measuring similarity between sets of overlapping clusters}},
  booktitle    = {{Social Computing (SocialCom), 2010 {IEEE} Second International Conference on}},
  year         = {2010},
  pages        = {303--308},
  address      = {Minneapolis, MN},
  organization = {IEEE},
}

@book{gini+livada:1943,
	author = "Gini, C and Livada, G",
	publisher = "Atti della {VI} Riunione della Societ{\`a} Italiana di Statistica, Roma, gennaio 1943",
	title = "{Nuovi contributi alla teoria della transvariazione}",
	year = "1943"
}

@book{weitzman:1970,
	author = "Weitzman, Murray S",
	publisher = "US Bureau of the Census",
	title = "{Measures of overlap of income distributions of white and Negro families in the United States}",
	volume = "22",
	year = "1970"
}

@Article{moravec:1988,
  author  = {Moravec, Hans P},
  title   = {{Sensor fusion in certainty grids for mobile robots}},
  journal = {AI magazine},
  year    = {1988},
  volume  = {9},
  number  = {2},
  pages   = {61},
  doi     = {10.1609/aimag.v9i2.676},
}

@Article{viola+wells:1997,
  author    = {Viola, Paul and {Wells III}, William M},
  title     = {{Alignment by maximization of mutual information}},
  journal   = {International journal of computer vision},
  year      = {1997},
  volume    = {24},
  number    = {2},
  pages     = {137--154},
  doi       = {10.1023/A:1007958904918},
  publisher = {Springer},
}

@Article{inman+bradley:1989,
  author    = {Inman, Henry F and {Bradley Jr}, Edwin L},
  title     = {{The overlapping coefficient as a measure of agreement between probability distributions and point estimation of the overlap of two normal densities}},
  journal   = {Communications in Statistics-Theory and Methods},
  year      = {1989},
  volume    = {18},
  number    = {10},
  pages     = {3851--3874},
  doi       = {10.1080/03610928908830127},
  publisher = {Taylor \& Francis},
}

@Book{milanovic+yitzhaki:2001,
  title     = {{Decomposing world income distribution: Does the world have a middle class?}},
  publisher = {The World Bank},
  year      = {2001},
  author    = {Milanovic, Branko and Yitzhaki, Shlomo},
  doi       = {10.1596/1813-9450-2562},
}

@Article{mcgraw+wong:1992,
  author    = {McGraw, Kenneth O and Wong, SP},
  title     = {{A common language effect size statistic.}},
  journal   = {Psychological bulletin},
  year      = {1992},
  volume    = {111},
  number    = {2},
  pages     = {361},
  issn      = {0033-2909},
  publisher = {American Psychological Association},
}

@Article{huberty+lowman:2000,
  author    = {Huberty, Carl J and Lowman, Laureen L},
  title     = {{Group overlap as a basis for effect size}},
  journal   = {Educational and Psychological Measurement},
  year      = {2000},
  volume    = {60},
  number    = {4},
  pages     = {543--563},
  doi       = {10.1177/0013164400604004},
  publisher = {Sage Publications Sage CA: Thousand Oaks, CA},
}

@article{schmid+schmidt:2006,
	author = "Schmid, Friedrich and Schmidt, Axel",
	journal = "Computational statistics \& data analysis",
	number = "6",
	pages = "1583--1596",
	publisher = "Elsevier",
	title = "{Nonparametric estimation of the coefficient of overlapping---theory and empirical application}",
	volume = "50",
	year = "2006"
}

@article{kullback+leibler:1951,
	author = "Kullback, Solomon and Leibler, Richard A",
	journal = "The annals of mathematical statistics",
	number = "1",
	pages = "79--86",
	publisher = "JSTOR",
	title = "{On information and sufficiency}",
	volume = "22",
	year = "1951"
}

@article{bhattacharyya:1943,
	author = "Bhattacharyya, Anil",
	journal = "Bull. Calcutta Math. Soc.",
	pages = "99--109",
	title = "{On a measure of divergence between two statistical populations defined by their probability distributions}",
	volume = "35",
	year = "1943"
}

@article{clemons+bradley:2000,
	author = "Clemons, Traci E and {Bradley Jr}, Edwin L",
	journal = "Computational statistics \& data analysis",
	number = "1",
	pages = "51--61",
	publisher = "Elsevier",
	title = "{A nonparametric measure of the overlapping coefficient}",
	volume = "34",
	year = "2000"
}

@article{vargha+delaney:2000,
	author = "Vargha, Andr{\'a}s and Delaney, Harold D",
	journal = "Journal of Educational and Behavioral Statistics",
	number = "2",
	pages = "101--132",
	publisher = "Sage Publications Sage CA: Los Angeles, CA",
	title = "{A critique and improvement of the CL common language effect size statistics of McGraw and Wong}",
	volume = "25",
	year = "2000"
}

@article{peng+chen:2014,
	author = "Peng, Chao-Ying Joanne and Chen, Li-Ting",
	journal = "The Journal of Experimental Education",
	number = "1",
	pages = "22--50",
	publisher = "Taylor \& Francis",
	title = "{Beyond {C}ohen's $d$: Alternative effect size measures for between-subject designs}",
	volume = "82",
	year = "2014"
}

@article{flury+riedwly:1986,
	author = "Flury, Bernhard K and Riedwyl, Hans",
	journal = "The American Statistician",
	number = "3",
	pages = "249--251",
	publisher = "Taylor \& Francis Group",
	title = "{Standard distance in univariate and multivariate analysis}",
	volume = "40",
	year = "1986"
}

@Book{silverman:1986,
  title     = {{Density estimation for statistics and data analysis}},
  publisher = {Chapman and Hall, Boca Raton, FL},
  year      = {1986},
  author    = {Silverman, Bernard W},
}

@incollection{rosenthal:1994,
	address = "New York,NY",
	author = "Rosenthal, Robert",
	booktitle = "{The handbook of research synthesis}",
	editor = "Cooper, Harris and Hedges, Larry V",
	pages = "231--244",
	publisher = "Russell Sage Foundation",
	title = "{Parametric measures of effect size}",
	year = "1994"
}

@article{reiser+faraggi:1999,
	author = "Reiser, Benjamin and Faraggi, David",
	journal = "Journal of the Royal Statistical Society: Series D (the Statistician)",
	number = "3",
	pages = "413--418",
	publisher = "Wiley Online Library",
	title = "{Confidence intervals for the overlapping coefficient: the normal equal variance case}",
	volume = "48",
	year = "1999"
}

@manual{rTeam:2018,
	address = "Vienna, Austria",
	author = "{R Core Team}",
	organization = "R Foundation for Statistical Computing",
	title = "{R: A Language and Environment for Statistical Computing}",
	url = "https://www.R-project.org/",
	year = "2018"
}

@manual{pastore:2017,
	author = "Pastore, Massimiliano",
	note = "R package version 1.5.0",
	title = "{overlapping: Estimation of Overlapping in Empirical Distributions}",
	url = "https://CRAN.R-project.org/package=overlapping",
	year = "2017"
}

@manual{phillips:2017,
	author = "Phillips, Nathaniel",
	note = "R package version 0.1.5",
	title = {{yarrr: A Companion to the e-Book "{Y}a{R}rr!: The {P}irate's {G}uide to {R}"}},
	url = "https://CRAN.R-project.org/package=yarrr",
	year = "2017"
}

@Article{marci+al:2018,
  author    = {Marci, Tatiana and Lionetti, Francesca and Moscardino, Ughetta and Pastore, Massimiliano and Calvo, Vincenzo and Alto{\'e}, Gianmarco},
  title     = {{Measuring attachment security via the Security Scale: Latent structure, invariance across mothers and fathers and convergent validity}},
  journal   = {European Journal of Developmental Psychology},
  year      = {2018},
  volume    = {15},
  number    = {4},
  pages     = {481--492},
  doi       = {10.1080/17405629.2017.1317632},
  publisher = {Taylor \& Francis},
}

@InCollection{altoe+al:2018,
  author    = {Alto{\`e}, Gianmarco and D'Amore, Giuseppe and Scalfari, Francesco},
  title     = {{Skulls and transvariation}},
  booktitle = {Biostat at 25 Invited Essays in Theoretical, Biomedical and Social Statistics},
  publisher = {Edizioni ETS, PISA},
  year      = {2018},
  editor    = {Mario Di Bacco and Francesco Scalfari},
  pages     = {21--30},
}

@Article{pluess+al:2018,
  author    = {Pluess, Michael and Assary, Elham and Lionetti, Francesca and Lester, Kathryn J and Krapohl, Eva and Aron, Elaine N and Aron, Arthur},
  title     = {Environmental sensitivity in children: Development of the Highly Sensitive Child Scale and identification of sensitivity groups.},
  journal   = {Developmental psychology},
  year      = {2018},
  volume    = {54},
  number    = {1},
  pages     = {51},
  doi       = {10.1037/dev0000406},
  publisher = {American Psychological Association},
}

@Article{lionetti+al:2018,
  author    = {Lionetti, Francesca and Mastrotheodoros, Stefanos and Palladino, Benedetta Emanuela},
  title     = {Experiences in Close Relationships Revised Child version (ECR-RC): Psychometric evidence in support of a Security factor},
  journal   = {European Journal of Developmental Psychology},
  year      = {2018},
  volume    = {15},
  number    = {4},
  pages     = {452--463},
  doi       = {10.1080/17405629.2017.1297228},
  publisher = {Taylor \& Francis},
}

@Article{lionetti+al:2018dandelions,
  author    = {Lionetti, Francesca and Aron, Arthur and Aron, Elaine N and Burns, G Leonard and Jagiellowicz, Jadzia and Pluess, Michael},
  title     = {Dandelions, tulips and orchids: evidence for the existence of low-sensitive, medium-sensitive and high-sensitive individuals},
  journal   = {Translational psychiatry},
  year      = {2018},
  volume    = {8},
  number    = {1},
  pages     = {24},
  doi       = {10.1038/s41398-017-0090-6},
  publisher = {Nature Publishing Group},
}

  @Article{ridout+linkie:2009,
    title = {Estimating overlap of daily activity patterns from camera trap data},
    author = {Martin Ridout and Matthew Linkie},
    journal = {Journal of Agricultural, Biological, and Environmental Statistics},
    year = {2009},
    volume = {14},
    number = {3},
    pages = {322--337},
  }

@Article{pastore:2018,
  author  = {Massimiliano Pastore},
  title   = {Overlapping: a {R package for Estimating Overlapping in Empirical Distributions.}},
  journal = {Journal of Open Source Software},
  year    = {2018},
  volume  = {32},
  number  = {3},
  pages   = {1023},
  doi     = {https://doi.org/10.21105/joss.01023},
}

@Article{rosseel:2012,
  author  = {Rosseel, Yves},
  title   = {{{lavaan}: An {R} Package for Structural Equation Modeling}},
  journal = {Journal of Statistical Software},
  year    = {2012},
  volume  = {48},
  number  = {2},
  pages   = {1--36},
  doi     = {10.18637/jss.v048.i02},
  url     = {http://www.jstatsoft.org/v48/i02/},
}

@article{wen+fan:2015,
  title={Monotonicity of effect sizes: Questioning kappa-squared as mediation effect size measure.},
  author={Wen, Zhonglin and Fan, Xitao},
  journal={Psychological methods},
  volume={20},
  number={2},
  pages={193},
  year={2015},
  publisher={American Psychological Association}
}

@Book{lee+wagenmakers:2013,
  title     = {{Bayesian cognitive modeling: A practical course}},
  publisher = {Cambridge university press, Cambridge UK},
  year      = {2013},
  author    = {Lee, Michael D and Wagenmakers, Eric-Jan},
}

@incollection{gelman:2002,
	author = "Gelman, Andrew",
	booktitle = "{Encyclopedia of environmetrics}",
	editor = "El-Shaarawi, Abdel H. and Piegorsch, Walter W.",
	pages = "1634--1637",
	publisher = "John Wiley \& Sons, Ltd, Chichester, 2002",
	title = "{Prior distribution}",
	volume = "3",
	year = "2002"
}

@Article{kruschke:2010,
  author    = {Kruschke, John K},
  title     = {{What to believe: Bayesian methods for data analysis}},
  journal   = {Trends in cognitive sciences},
  year      = {2010},
  volume    = {14},
  number    = {7},
  pages     = {293--300},
  doi       = {doi.org/10.1016/j.tics.2010.05.001},
  publisher = {Elsevier},
}

@book{gelman+al:2004,
	author = "Gelman, Andrew and Carlin, John B and Stern, Hal S and Rubin, Donald B",
	publisher = "Chapman \& Hall, Boca Raton, FL",
	title = "{Bayesian data analysis (2nd ed.)}",
	year = "2004"
}

@manual{stan:2017,
	author = "{Stan {D}evelopment {T}eam}",
	note = "Version 2.17.0",
	title = "{Stan Modeling Language User's Guide and Reference Manual}",
	url = "http://mc-stan.org/",
	year = "2017"
}

@Comment{jabref-meta: databaseType:bibtex;}

@article{azzalini:1985,
  title={A class of distributions which includes the normal ones},
  author={Azzalini, Adelchi},
  journal={Scandinavian journal of statistics},
  pages={171--178},
  year={1985},
  publisher={JSTOR}
}

@Book{EnvStats-book,
  title = {{EnvStats:  An R Package for Environmental Statistics}},
  author = {Steven P. Millard},
  year = {2013},
  publisher = {Springer},
  address = {New York},
  isbn = {978-1-4614-8455-4},
  url = {https://www.springer.com},
}
  
@Manual{ overlapping2,
  title = {overlapping: Estimation of Overlapping in Empirical Distributions},
  author = {Massimiliano Pastore and Pierfrancesco Alaimo Di Loro and Marco Mingione and Antonio Calcagn\`i},
  year = {2022},
  note = {R package version 2.0},
  url = {https://CRAN.R-project.org/package=overlapping},
}
  
@Manual{ R:sn,
  title = {The {R} package \texttt{sn}: The skew-normal and related distributions such as the skew-$t$ and the {SUN} (version 2.1.0).},
  author = {A. Azzalini},
  address = {Universit\`a degli Studi di Padova, Italia},
  year = {2022},
  note = {Home page: \url{http://azzalini.stat.unipd.it/SN/}},
  url = {https://cran.r-project.org/package=sn},
}

@Article{ burkner:2017,
  title = {{brms}: An {R} Package for {Bayesian} Multilevel Models Using {Stan}},
  author = {Paul-Christian Bürkner},
  journal = {Journal of Statistical Software},
  year = {2017},
  volume = {80},
  number = {1},
  pages = {1--28},
  doi = {10.18637/jss.v080.i01},
  encoding = {UTF-8},
}


@Article{ mattan+al:2020,
  title = {{e}ffectsize: Estimation of Effect Size Indices and Standardized Parameters},
  author = {Mattan S. Ben-Shachar and Daniel Lüdecke and Dominique Makowski},
  year = {2020},
  journal = {Journal of Open Source Software},
  volume = {5},
  number = {56},
  pages = {2815},
  publisher = {The Open Journal},
  doi = {10.21105/joss.02815},
  url = {https://doi.org/10.21105/joss.02815},
}
  
  
@article{furukawa+leucht:2011,
  title={How to obtain NNT from Cohen's d: comparison of two methods},
  author={Furukawa, Toshi A and Leucht, Stefan},
  journal={PloS one},
  volume={6},
  number={4},
  pages={e19070},
  year={2011},
  publisher={Public Library of Science San Francisco, USA}
}


@incollection{smid+rosseel:2020,
  title = {Sem with {{Small Samples}}},
  booktitle = {Small {{Sample Size Solutions}}},
  author = {Smid, Sanne C. and Rosseel, Yves},
  editor = {{van de Schoot}, Rens and Mio{\v c}evi{\'c}, Milica},
  year = {2020},
  month = feb,
  edition = {First},
  pages = {239--254},
  publisher = {{Routledge}},
  doi = {10.4324/9780429273872-20},
  isbn = {978-0-429-27387-2},
  keywords = {To read},
  language = {en}
}

@article{pesarin2010permutation,
  title={The permutation testing approach: a review},
  author={Pesarin, Fortunato and Salmaso, Luigi},
  journal={Statistica},
  volume={70},
  number={4},
  pages={481--509},
  year={2010}
}

@article{semmelmann2017online,
  title={Online psychophysics: Reaction time effects in cognitive experiments},
  author={Semmelmann, Kilian and Weigelt, Sarah},
  journal={Behavior Research Methods},
  volume={49},
  pages={1241--1260},
  year={2017},
  publisher={Springer}
}

@article{cumming2012statistical,
  title={The statistical recommendations of the American Psychological Association Publication Manual: Effect sizes, confidence intervals, and meta-analysis},
  author={Cumming, Geoff and Fidler, Fiona and Kalinowski, Pav and Lai, Jerry},
  journal={Australian Journal of Psychology},
  volume={64},
  number={3},
  pages={138--146},
  year={2012},
  publisher={Taylor \& Francis}
}

@article{scheel2021hypothesis,
  title={Why hypothesis testers should spend less time testing hypotheses},
  author={Scheel, Anne M and Tiokhin, Leonid and Isager, Peder M and Lakens, Dani{\"e}l},
  journal={Perspectives on Psychological Science},
  volume={16},
  number={4},
  pages={744--755},
  year={2021},
  publisher={Sage Publications Sage CA: Los Angeles, CA}
}

@article{silverman2010simple,
  title={Simple reaction time: It is not what it used to be},
  author={Silverman, Irwin W},
  journal={The American journal of psychology},
  volume={123},
  number={1},
  pages={39--50},
  year={2010},
  publisher={University of Illinois Press}
}

@article{proctor2018hick,
  title={Hick’s law for choice reaction time: A review},
  author={Proctor, Robert W and Schneider, Darryl W},
  journal={Quarterly Journal of Experimental Psychology},
  volume={71},
  number={6},
  pages={1281--1299},
  year={2018},
  publisher={Sage Publications Sage UK: London, England}
}

@article{grosjean2001timing,
  title={Timing and reaction time.},
  author={Grosjean, Marc and Rosenbaum, David A and Elsinger, Catherine},
  journal={Journal of Experimental Psychology: General},
  volume={130},
  number={2},
  pages={256},
  year={2001},
  publisher={American Psychological Association}
}

@article{vasishth2021embrace,
  title={How to embrace variation and accept uncertainty in linguistic and psycholinguistic data analysis},
  author={Vasishth, Shravan and Gelman, Andrew},
  journal={Linguistics},
  volume={59},
  number={5},
  pages={1311--1342},
  year={2021},
  publisher={De Gruyter}
}

@inproceedings{fisher1925theory,
  title={Theory of statistical estimation},
  author={Fisher, Ronald Aylmer},
  booktitle={Mathematical proceedings of the Cambridge philosophical society},
  volume={22},
  number={5},
  pages={700--725},
  year={1925},
  organization={Cambridge University Press}
}

@article{boneau1960effects,
  title={The effects of violations of assumptions underlying the t test.},
  author={Boneau, C Alan},
  journal={Psychological bulletin},
  volume={57},
  number={1},
  pages={49},
  year={1960},
  publisher={American Psychological Association}
}

@article{gelman2018failure,
  title={The failure of null hypothesis significance testing when studying incremental changes, and what to do about it},
  author={Gelman, Andrew},
  journal={Personality and Social Psychology Bulletin},
  volume={44},
  number={1},
  pages={16--23},
  year={2018},
  publisher={Sage Publications Sage CA: Los Angeles, CA}
}

@article{steegen2016increasing,
  title={Increasing transparency through a multiverse analysis},
  author={Steegen, Sara and Tuerlinckx, Francis and Gelman, Andrew and Vanpaemel, Wolf},
  journal={Perspectives on Psychological Science},
  volume={11},
  number={5},
  pages={702--712},
  year={2016},
  publisher={Sage Publications Sage CA: Los Angeles, CA}
}


@article{sirbiladze+al:2024,
  title={Divergence and Similarity Characteristics for Two Fuzzy Measures Based on Associated Probabilities},
  author={Sirbiladze, Gia and Midodashvili, Bidzina and Manjafarashvili, Teimuraz},
  journal={Axioms},
  volume={13},
  number={11},
  pages={776},
  year={2024},
  publisher={MDPI}
}

@article{habibi+al:2024,
  title={Predicting the future distribution of the Barbary ground squirrel (Atlantoxerus getulus) under climate change using niche overlap analysis and species distribution modeling},
  author={Habibi, Imene and Achour, Hammadi and Bounaceur, Farid and Benaradj, Abdelkrim and Aulagnier, St{\'e}phane},
  journal={Environmental Monitoring and Assessment},
  volume={196},
  number={11},
  pages={1--18},
  year={2024},
  publisher={Springer}
}

@article{ricote+al:2024,
  title={The interplay of resource availability and parent foraging strategies on juvenile sparrow individual specialization},
  author={Ricote, Natalia and Weinberger, Constanza and Ram{\'\i}rez-Otarola, Natalia and Bustamante, Sara and M{\'a}laga, Mar{\'\i}a Luc{\'\i}a and Barcel{\'o}, Gonzalo and Sabat, Pablo and Newsome, Seth D and Maldonado, Karin},
  journal={Journal of Avian Biology},
  pages={e03391},
  year={2024},
  publisher={Wiley Online Library}
}

@article{rossi+al:2024,
  title={{The impact of trauma core dimensions on anxiety and depression: a latent regression model through the Post-Traumatic Symptom Questionnaire (PTSQ)}},
  author={Rossi, Alessandro Alberto and Panzeri, Anna and Fernandez, Isabel and Invernizzi, Roberta and Taccini, Federica and Mannarini, Stefania},
  journal={Scientific Reports},
  volume={14},
  number={1},
  pages={23036},
  year={2024},
  publisher={Nature Publishing Group UK London}
}

@article{einbeck+al:2024,
  title={A Comparison of Threshold-Free Measures for Assessing the Effectiveness of Educational Interventions},
  author={Einbeck, Jochen and Coolen-Maturi, Tahani and Uwimpuhwe, Germaine and Singh, Akansha},
  journal={The Journal of Experimental Education},
  pages={1--18},
  year={2024},
  publisher={Taylor \& Francis}
}

@article{wachendorfer+oeberst:2024,
  title={Differences Between True and False Memories Using the Criteria-Based Content Analysis},
  author={Wachend{\"o}rfer, Merle Madita and Oeberst, Aileen},
  journal={Applied Cognitive Psychology},
  volume={38},
  number={5},
  pages={e4246},
  year={2024},
  publisher={Wiley Online Library}
}


@article{rohrbach:2024,
  title={Are women politicians kind and competent? Disentangling stereotype incongruity in candidate evaluations},
  author={Rohrbach, Tobias},
  journal={Political Behavior},
  pages={1--24},
  year={2024},
  publisher={Springer}
}


@article{hawkins+al:2024,
  title={{The olfactory network of larval Xenopus laevis regenerates accurately after olfactory nerve transection}},
  author={Hawkins, Sara J and G{\"a}rtner, Yvonne and Offner, Thomas and Weiss, Lukas and Maiello, Guido and Hassenkl{\"o}ver, Thomas and Manzini, Ivan},
  journal={European Journal of Neuroscience},
  year={2024},
  publisher={Wiley Online Library}
}

@article{upadhayay+al:2024,
  title={Comparison of sediment biomarker signatures generated using time-integrated and discrete suspended sediment samples},
  author={Upadhayay, Hari Ram and Granger, Steven J and Collins, Adrian L},
  journal={Environmental Science and Pollution Research},
  volume={31},
  number={15},
  pages={22431--22440},
  year={2024},
  publisher={Springer}
}

@article{conversano+al:2024,
  title={Overlapping coefficient in network-based semi-supervised clustering},
  author={Conversano, Claudio and Frigau, Luca and Contu, Giulia},
  journal={Computational Statistics},
  pages={1--24},
  year={2024},
  publisher={Springer}
}


@article{pietrabissa+al:2024,
  title={Validation of the {I}talian version of the web screening questionnaire for common mental disorders},
  author={Pietrabissa, Giada and Semonella, Michelle and Marchesi, Gloria and Mannarini, Stefania and Castelnuovo, Gianluca and Andersson, Gerhard and Rossi, Alessandro Alberto},
  journal={Journal of Clinical Medicine},
  volume={13},
  number={4},
  pages={1170},
  year={2024},
  publisher={MDPI}
}

@article{nougaret+al:2024,
  title={Neurons in the monkey frontopolar cortex encode learning stage and goal during a fast learning task},
  author={Nougaret, Simon and Ferrucci, Lorenzo and Ceccarelli, Francesco and Sacchetti, Stefano and Benozzo, Danilo and Fascianelli, Valeria and Saunders, Richard C and Renaud, Luc and Genovesio, Aldo},
  journal={Plos Biology},
  volume={22},
  number={2},
  pages={e3002500},
  year={2024},
  publisher={Public Library of Science San Francisco, CA USA}
}

@article{greene+al:2024,
  title={Working memory limitations constrain visual episodic long-term memory at both specific and gist levels of representation},
  author={Greene, Nathaniel R and Guitard, Dominic and Forsberg, Alicia and Cowan, Nelson and Naveh-Benjamin, Moshe},
  journal={Memory \& Cognition},
  pages={1--25},
  year={2024},
  publisher={Springer}
}


@article{schuetze+yan:2023,
  title={Psychology faculty overestimate the magnitude of Cohen’sd effect sizes by half a standard deviation},
  author={Schuetze, Brendan A and Yan, Veronica X},
  journal={Collabra: Psychology},
  volume={9},
  number={1},
  pages={74020},
  year={2023},
  publisher={University of California Press}
}


@article{karrobi+al:2023,
  title={{Fluorescence Lifetime Imaging Microscopy (FLIM) reveals spatial-metabolic changes in 3D breast cancer spheroids}},
  author={Karrobi, Kavon and Tank, Anup and Fuzail, Mohammad Ahsan and Kalidoss, Madhumathi and Tilbury, Karissa and Zaman, Muhammad and Ferruzzi, Jacopo and Roblyer, Darren},
  journal={Scientific Reports},
  volume={13},
  number={1},
  pages={3624},
  year={2023},
  publisher={Nature Publishing Group UK London}
}

@article{jensen+sanner:2021,
  title={A scoping review of research on well-being across diverse family structures: Rethinking approaches for understanding contemporary families},
  author={Jensen, Todd M and Sanner, Caroline},
  journal={Journal of Family Theory \& Review},
  volume={13},
  number={4},
  pages={463--495},
  year={2021},
  publisher={Wiley Online Library}
}

@article{garofalo+al:2022,
  title={Interaction effect: Are you doing the right thing?},
  author={Garofalo, Sara and Giovagnoli, Sara and Orsoni, Matteo and Starita, Francesca and Benassi, Mariagrazia},
  journal={PLoS One},
  volume={17},
  number={7},
  pages={e0271668},
  year={2022},
  publisher={Public Library of Science San Francisco, CA USA}
}

@book{fisher1966design,
  title={The design of experiments},
  author={Fisher, Ronald Aylmer and Fisher, Ronald Aylmer and Genetiker, Statistiker and Fisher, Ronald Aylmer and Genetician, Statistician and Britain, Great and Fisher, Ronald Aylmer and G{\'e}n{\'e}ticien, Statisticien},
  volume={21},
  year={1966},
  publisher={Springer}
}

@book{fisher:1935,
  title={The design of experiments},
  author={Fisher, Ronald Aylmer},
  year={1935},
  publisher={Macmillan}
}

@article{pitman1937significance,
  title={Significance tests which may be applied to samples from any populations. II. The correlation coefficient test},
  author={Pitman, Edwin James George},
  journal={Supplement to the Journal of the Royal Statistical Society},
  volume={4},
  number={2},
  pages={225--232},
  year={1937},
  publisher={JSTOR}
}
@article{pitman1938significance,
  title={Significance tests which may be applied to samples from any populations: III. The analysis of variance test},
  author={Pitman, Edwin James George},
  journal={Biometrika},
  volume={29},
  number={3/4},
  pages={322--335},
  year={1938},
  publisher={JSTOR}
}

@misc{pesarin2001,
  title={Multivariate permutation tests: with applications in biostatistics},
  author={Pesarin, F},
  year={2001},
  publisher={Wiley}
}

@article{phipson2010permutation,
  title={Permutation P-values should never be zero: calculating exact P-values when permutations are randomly drawn},
  author={Phipson, Belinda and Smyth, Gordon K},
  journal={Statistical applications in genetics and molecular biology},
  volume={9},
  number={1},
  year={2010},
  publisher={De Gruyter}
}

@article{hemerik2018exact,
  title={Exact testing with random permutations},
  author={Hemerik, Jesse and Goeman, Jelle},
  journal={Test},
  volume={27},
  number={4},
  pages={811--825},
  year={2018},
  publisher={Springer}
}

@Manual{overlapping:package,
  title = {overlapping: Estimation of Overlapping in Empirical Distributions},
  author = {Massimiliano Pastore and Pierfrancesco Alaimo Di Loro and Marco Mingione and Antonio Calcagni'},
  year = {2024},
  note = {R package version 2.2},
}

@misc{Oksuz_Rebuschat_2024,
  title={Collocational processing in typologically different languages, English and Turkish},
  url={osf.io/muwjz},
  publisher={OSF},
  author={Oksuz, Dogus C and Rebuschat, Patrick},
  year={2024},
  month={Mar}
}
  
@book{tabachnick2013using,
  title={Using multivariate statistics},
  author={Tabachnick, Barbara G and Fidell, Linda S and Ullman, Jodie B},
  volume={6},
  year={2013},
  publisher={pearson Boston, MA}
}

@article{glass1972consequences,
  title={Consequences of failure to meet assumptions underlying the fixed effects analyses of variance and covariance},
  author={Glass, Gene V and Peckham, Percy D and Sanders, James R},
  journal={Review of educational research},
  volume={42},
  number={3},
  pages={237--288},
  year={1972},
  publisher={Sage Publications Sage CA: Thousand Oaks, CA}
}

@article{pastore2017one,
  title={When one shape does not fit all: A commentary essay on the use of graphs in psychological research},
  author={Pastore, Massimiliano and Lionetti, Francesca and Alto{\`e}, Gianmarco},
  journal={Frontiers in psychology},
  volume={8},
  pages={1666},
  year={2017},
  publisher={Frontiers Media SA}
}

@article{wilkinson1999statistical,
  title={Statistical methods in psychology journals: Guidelines and explanations.},
  author={Wilkinson, Leland},
  journal={American psychologist},
  volume={54},
  number={8},
  pages={594},
  year={1999},
  publisher={American Psychological Association}
}

@article{tay2016graphical,
  title={Graphical descriptives: A way to improve data transparency and methodological rigor in psychology},
  author={Tay, Louis and Parrigon, Scott and Huang, Qiming and LeBreton, James M},
  journal={Perspectives on Psychological Science},
  volume={11},
  number={5},
  pages={692--701},
  year={2016},
  publisher={Sage Publications Sage CA: Los Angeles, CA}
}

@article{cohen1994earth,
  title={The earth is round (p<. 05).},
  author={Cohen, Jacob},
  journal={American psychologist},
  volume={49},
  number={12},
  pages={997},
  year={1994},
  publisher={American Psychological Association}
}

@article{ziliak2011cult,
  title={The cult of statistical significance},
  author={Ziliak, Stephen T and McCloskey, Deirdre N},
  journal={Ann Arbor, MI: University of Michigan Press},
  volume={326},
  year={2008}
}

@article{wagenmakers2007practical,
  title={A practical solution to the pervasive problems of p values},
  author={Wagenmakers, Eric-Jan},
  journal={Psychonomic bulletin \& review},
  volume={14},
  number={5},
  pages={779--804},
  year={2007},
  publisher={Springer}
}

@misc{wasserstein2016asa,
  title={The ASA statement on p-values: context, process, and purpose},
  author={Wasserstein, Ronald L and Lazar, Nicole A},
  journal={The American Statistician},
  volume={70},
  number={2},
  pages={129--133},
  year={2016},
  publisher={Taylor \& Francis}
}








