@article{laterraepiatta,
  title={The earth is round (p<. 05).},
  author={Cohen, Jacob},
  journal={American psychologist},
  volume={49},
  number={12},
  pages={997},
  year={1994},
  publisher={American Psychological Association}
}






